@book{raffel2018particle,
  title={Particle image velocimetry: a practical guide},
  author={Raffel, Markus and Willert, Christian E and Scarano, Fulvio and K{\"a}hler, Christian J and Wereley, Steve T and Kompenhans, J{\"u}rgen},
  year={2018},
  publisher={Springer}
}
